<?xml version="1.0" encoding="UTF-8"?>
<collection xmlns:xsi="http://www.w3.org/2001/XMLSchema-instance" xsi:schemaLocation="http://www.loc.gov/MARC21/slim http://www.loc.gov/standards/marcxml/schema/MARC21slim.xsd" xmlns="http://www.loc.gov/MARC21/slim">
<record>
  <leader>01410cam a2200265   4500</leader>
  <controlfield tag="001">3058890</controlfield>
  <controlfield tag="003">NNC</controlfield>
  <controlfield tag="005">20130520200806.0</controlfield>
  <controlfield tag="008">890926s1962    iq            000 0 arao </controlfield>
  <datafield tag="010" ind1=" " ind2=" ">
    <subfield code="a">ne 66001366 </subfield>
  </datafield>
  <datafield tag="035" ind1=" " ind2=" ">
    <subfield code="a">(OCoLC)ocm23495623</subfield>
  </datafield>
  <datafield tag="035" ind1=" " ind2=" ">
    <subfield code="9">ATM7497CU</subfield>
  </datafield>
  <datafield tag="035" ind1=" " ind2=" ">
    <subfield code="a">(NNC)3058890</subfield>
  </datafield>
  <datafield tag="035" ind1=" " ind2=" ">
    <subfield code="a">3058890</subfield>
  </datafield>
  <datafield tag="040" ind1=" " ind2=" ">
    <subfield code="a">DLC</subfield>
    <subfield code="c">EYM</subfield>
    <subfield code="d">CGU</subfield>
    <subfield code="d">ZCU</subfield>
  </datafield>
  <datafield tag="050" ind1=" " ind2="4">
    <subfield code="a">BP 193.1</subfield>
    <subfield code="b">.A3 A23</subfield>
  </datafield>
  <datafield tag="099" ind1=" " ind2=" ">
    <subfield code="a">893.796</subfield>
    <subfield code="a">As473</subfield>
  </datafield>
  <datafield tag="100" ind1="1" ind2=" ">
    <subfield code="a">ʻAskarī, Najm al-Dīn Jaʻfar ibn Muḥammad.</subfield>
  </datafield>
  <datafield tag="245" ind1="1" ind2="0">
    <subfield code="a">ʻAlī wa-al-Shīʻah :</subfield>
    <subfield code="b">yataḍamman mā li-shīʻat al-Imām Amīr al-Muʾminīn ʻAlī ibn Abī Ṭālib wa-muḥibbīhi min al-faḍāʾil al-mustaqāt mimmā dhakarahu ʻulamāʾ al-sunnah fī muʾallafātihim /</subfield>
    <subfield code="c">taʾlīf Najm al-Dīn al-Sharīf al-ʻAskarī. Wa-yalīhi kitāb Faḍāʾil al-Shīʻah wa-kitāb Ṣifāt al-Shīʻah / kilāhumā li-Abī Jaʻfar Muḥammad ibn ʻAlī ibn al-Ḥusayn ibn Mūsá ibn Bābawayh al-Qummī al-maʻrūf bi-al-Ṣadūq.</subfield>
  </datafield>
  <datafield tag="260" ind1=" " ind2=" ">
    <subfield code="a">al-Najaf :</subfield>
    <subfield code="b">Maṭbaʻat al-Ādāb,</subfield>
    <subfield code="c">[1962?]</subfield>
  </datafield>
  <datafield tag="300" ind1=" " ind2=" ">
    <subfield code="a">189 p.</subfield>
    <subfield code="c">25 cm.</subfield>
  </datafield>
  <datafield tag="600" ind1="0" ind2="0">
    <subfield code="a">ʻAlī ibn Abī Ṭālib,</subfield>
    <subfield code="c">Caliph,</subfield>
    <subfield code="d">approximately 600-661.</subfield>
  </datafield>
  <datafield tag="700" ind1="1" ind2=" ">
    <subfield code="a">Ibn Bābawayh al-Qummī, Muḥammad ibn ʻAlī,</subfield>
    <subfield code="d">918 or 919-991 or 992.</subfield>
    <subfield code="t">Faḍāʼil al-Shīʻah.</subfield>
  </datafield>
  <datafield tag="700" ind1="1" ind2=" ">
    <subfield code="a">Ibn Bābawayh al-Qummī, Muḥammad ibn ʻAlī,</subfield>
    <subfield code="d">918 or 919-991 or 992.</subfield>
    <subfield code="t">Ṣifāt al-Shīʻah.</subfield>
  </datafield>
  <datafield tag="955" ind1=" " ind2=" ">
    <subfield code="b">CU58836527</subfield>
    <subfield code="d">off,glx</subfield>
    <subfield code="e">893.796 As473</subfield>
  </datafield>
</record>
</collection>